@phdthesis{Armbruster:1553771,
      author        = "Armbruster, Aaron and Qian, Jianming",
      title         = "{Discovery of a Higgs Boson with the ATLAS Detector}",
      school        = "Michigan U.",
      month         = "May",
      year          = "2013",
      note          = "Presented 02 May 2013",
}

@techreport{Aad:1541965,
      author        = "Aad, Georges and others",
      title         = "{Invariant Mass Studies for the $H\rightarrow bb$ Measurements for LHCP}",
      institution   = "CERN",
      address       = "Geneva",
      number        = "ATL-COM-PHYS-2013-449",
      month         = "Apr",
      year          = "2013",
}

@article{Aad:2014iaa,
      author         = "{ATLAS Collaboration}",
      title          = "{Measurement of the $ t\overline{t} $ production
                        cross-section as a function of jet multiplicity and jet
                        transverse momentum in 7 TeV proton-proton collisions with
                        the ATLAS detector}",
      collaboration  = "ATLAS",
      journal        = "JHEP",
      volume         = "01",
      year           = "2015",
      pages          = "020",
      doi            = "10.1007/JHEP01(2015)020",
      eprint         = "1407.0891",
      archivePrefix  = "arXiv",
      primaryClass   = "hep-ex",
      reportNumber   = "CERN-PH-EP-2014-114",
      SLACcitation   = "%%CITATION = ARXIV:1407.0891;%%"
}

@article{Aad:2014aqa,
      author         = "{ATLAS Collaboration}",
      title          = "{Search for new phenomena in the dijet mass distribution
                        using $p-p$ collision data at $\sqrt{s}=8$ TeV with the
                        ATLAS detector}",
      collaboration  = "ATLAS",
      journal        = "Phys. Rev.",
      volume         = "D91",
      year           = "2015",
      number         = "5",
      pages          = "052007",
      doi            = "10.1103/PhysRevD.91.052007",
      eprint         = "1407.1376",
      archivePrefix  = "arXiv",
      primaryClass   = "hep-ex",
      reportNumber   = "CERN-PH-EP-2014-147",
      SLACcitation   = "%%CITATION = ARXIV:1407.1376;%%"
}
@article{Aad:2014xzb,
      author         = "{ATLAS Collaboration}",
      title          = "{Search for the $b\bar{b}$ decay of the Standard Model
                        Higgs boson in associated $(W/Z)H$ production with the
                        ATLAS detector}",
      collaboration  = "ATLAS",
      journal        = "JHEP",
      volume         = "01",
      year           = "2015",
      pages          = "069",
      doi            = "10.1007/JHEP01(2015)069",
      eprint         = "1409.6212",
      archivePrefix  = "arXiv",
      primaryClass   = "hep-ex",
      reportNumber   = "CERN-PH-EP-2014-214",
      SLACcitation   = "%%CITATION = ARXIV:1409.6212;%%"
}

@article{Aad:2013tea,
      author         = "{ATLAS Collaboration}",
      title          = "{Measurement of dijet cross sections in $pp$ collisions
                        at 7 TeV centre-of-mass energy using the ATLAS detector}",
      collaboration  = "ATLAS Collaboration",
      journal        = "JHEP",
      volume         = "1405",
      pages          = "059",
      doi            = "10.1007/JHEP05(2014)059",
      year           = "2014",
      eprint         = "1312.3524",
      archivePrefix  = "arXiv",
      primaryClass   = "hep-ex",
      reportNumber   = "CERN-PH-EP-2013-192",
      SLACcitation   = "%%CITATION = ARXIV:1312.3524;%%",
}
@article{Aad:2014vwa,
      author         = "{ATLAS Collaboration}",
      title          = "{Measurement of the inclusive jet cross-section in proton-proton collisions at $ \sqrt{s}=7 $ TeV using 4.5~fb$^{-1}$ of data with the ATLAS detector}",
      collaboration  = "ATLAS",
      journal        = "JHEP",
      volume         = "02",
      year           = "2015",
      pages          = "153",
      doi            = "10.1007/JHEP02(2015)153, 10.1007/JHEP09(2015)141",
      note           = "[Erratum: JHEP09,141(2015)]",
      eprint         = "1410.8857",
      archivePrefix  = "arXiv",
      primaryClass   = "hep-ex",
      reportNumber   = "CERN-PH-EP-2014-155",
      SLACcitation   = "%%CITATION = ARXIV:1410.8857;%%"
}

@phdthesis{busatoThesis,
  TITLE = {{Recherche de la production \'electrofaible du quark top dans le canal \'electron+jets dans l'exp\'erience \Dzero aupr\`es du Tevatron}},
  AUTHOR = {Busato, Emmanuel},
  SCHOOL = {{Universit{\'e} Denis Diderot, Paris VII}},
  YEAR = {2005},
  MONTH = Apr,
  TYPE = {Theses},
}

@article{Cacciari:2008gp,
     author    = "Cacciari, Matteo and Salam, Gavin P. and Soyez, Gregory",
     title     = "The anti-k$_t$ jet clustering algorithm",
     journal   = "JHEP",
     volume    = "04",
     year      = "2008",
     pages     = "063",
     eprint    = "0802.1189",
     archivePrefix = "arXiv",
     primaryClass  =  "hep-ph",
     SLACcitation  = "%%CITATION = 0802.1189;%%"
}

@article{Aad:2011he,
      author         = "{ATLAS Collaboration}",
      title          = "{Jet energy measurement with the ATLAS detector in
                        proton-proton collisions at $\sqrt{s}=7$ TeV}",
      collaboration  = "ATLAS Collaboration",
      journal        = "Eur.Phys.J.",
      volume         = "C73",
      pages          = "2304",
      doi            = "10.1140/epjc/s10052-013-2304-2",
      year           = "2013",
      eprint         = "1112.6426",
      archivePrefix  = "arXiv",
      primaryClass   = "hep-ex",
      reportNumber   = "CERN-PH-EP-2011-191",
      SLACcitation   = "%%CITATION = ARXIV:1112.6426;%%",
}

@article{Aad:2012ag,
      author         = "{ATLAS Collaboration}",
      title          = "{Jet energy resolution in proton-proton collisions at
                        $\sqrt{s}=7$ TeV recorded in 2010 with the ATLAS
                        detector}",
      collaboration  = "ATLAS Collaboration",
      journal        = "Eur.Phys.J.",
      volume         = "C73",
      pages          = "2306",
      doi            = "10.1140/epjc/s10052-013-2306-0",
      year           = "2013",
      eprint         = "1210.6210",
      archivePrefix  = "arXiv",
      primaryClass   = "hep-ex",
      reportNumber   = "CERN-PH-EP-2012-191",
      SLACcitation   = "%%CITATION = ARXIV:1210.6210;%%",
}

@techreport{ATLAS-CONF-2011-053,
      title         = "{Light-quark and Gluon Jets in ATLAS}",
      institution   = "CERN",
      collaboration = "{ATLAS Collaboration}",
      address       = "Geneva",
      number        = "ATLAS-CONF-2011-053",
      month         = "Apr",
      year          = "2011",
}

@techreport{ATLAS-CONF-2010-053,
      title         = "{Properties of Jets and Inputs to Jet Reconstruction and
                       Calibration with the ATLAS Detector Using Proton-Proton
                       Collisions at $\sqrt{s}=7$ TeV}",
      institution   = "CERN",
      collaboration = "{ATLAS Collaboration}",
      address       = "Geneva",
      number        = "ATLAS-CONF-2010-053",
      month         = "Jul",
      year          = "2010",
}

@article{Degrande:2010kt,
      author         = "Degrande, Celine and Gerard, Jean-Marc and Grojean,
                        Christophe and Maltoni, Fabio and Servant, Geraldine",
      title          = "{Non-resonant New Physics in Top Pair Production at
                        Hadron Colliders}",
      journal        = "JHEP",
      volume         = "1103",
      pages          = "125",
      doi            = "10.1007/JHEP03(2011)125",
      year           = "2011",
      eprint         = "1010.6304",
      archivePrefix  = "arXiv",
      primaryClass   = "hep-ph",
      reportNumber   = "CERN-PH-TH-2010-187, CP3-10-34",
      SLACcitation   = "%%CITATION = ARXIV:1010.6304;%%",
}

@article{PhysRevD.51.3888,
  title = {Effects of top quark compositeness},
  author = {Georgi, Howard and Kaplan, Lev and Morin, David and Schenk, Andreas},
  journal = {Phys. Rev. D},
  volume = {51},
  issue = {7},
  pages = {3888--3894},
  year = {1995},
  doi = {10.1103/PhysRevD.51.3888},
  doi = {10.1103/PhysRevD.51.3888},
  publisher = {American Physical Society}
}

@article{Cheung:1995eq,
      author         = "Cheung, King-man",
      title          = "{Four top production and electroweak symmetry breaking}",
      year           = "1995",
      eprint         = "hep-ph/9507411",
      archivePrefix  = "arXiv",
      primaryClass   = "hep-ph",
      reportNumber   = "CPP-95-10, DOE-ER-40757-067",
      SLACcitation   = "%%CITATION = HEP-PH/9507411;%%",
}

@article{Spira:1997ce,
      author         = "Spira, Michael and Wells, James D.",
      title          = "{Higgs bosons strongly coupled to the top quark}",
      journal        = "Nucl.Phys.",
      volume         = "B523",
      pages          = "3-16",
      doi            = "10.1016/S0550-3213(98)00107-2",
      year           = "1998",
      eprint         = "hep-ph/9711410",
      archivePrefix  = "arXiv",
      primaryClass   = "hep-ph",
      reportNumber   = "SLAC-PUB-7703, CERN-TH-97-331",
      SLACcitation   = "%%CITATION = HEP-PH/9711410;%%",
}

@article{PhysRevD.78.074026,
  title = {Top quark compositeness: Feasibility and implications},
  author = {Pomarol, Alex and Serra, Javi},
  journal = {Phys. Rev. D},
  volume = {78},
  issue = {7},
  pages = {074026},
  numpages = {14},
  year = {2008},
  doi = {10.1103/PhysRevD.78.074026},
  doi = {10.1103/PhysRevD.78.074026},
  publisher = {American Physical Society}
}

@article{1126-6708-2008-04-087,
  author={Ben Lillie and Jing Shu and Tim M.P. Tait},
  title={Top compositeness at the Tevatron and LHC},
  journal={JHEP},
  volume={0804},
  pages={087},
  year={2008},
}
%  url={http://stacks.iop.org/1126-6708/2008/i=04/a=087},


@article{1126-6708-2009-05-022,
  author={Kunal Kumar and Tim M.P. Tait and Roberto Vega-Morales},
  title={Manifestations of top compositeness at colliders},
  journal={JHEP},
  volume={0905},
  pages={022},
  year={2009},
}

@article{Chen:2008hh,
      author         = "Chen, Chuan-Ren and Klemm, William and Rentala, Vikram
                        and Wang, Kai",
      title          = "{Color Sextet Scalars at the CERN Large Hadron Collider}",
      journal        = "Phys.Rev.",
      volume         = "D79",
      pages          = "054002",
      doi            = "10.1103/PhysRevD.79.054002",
      year           = "2009",
      eprint         = "0811.2105",
      archivePrefix  = "arXiv",
      primaryClass   = "hep-ph",
      reportNumber   = "IPMU-08-0084, CAS-KITPC-ITP-073",
      SLACcitation   = "%%CITATION = ARXIV:0811.2105;%%",
}

@article{Gerbush:2007fe,
      author         = "Gerbush, Michael and Khoo, Teng Jian and Phalen, Daniel
                        J. and Pierce, Aaron and Tucker-Smith, David",
      title          = "{Color-octet scalars at the CERN LHC}",
      journal        = "Phys.Rev.",
      volume         = "D77",
      pages          = "095003",
      doi            = "10.1103/PhysRevD.77.095003",
      year           = "2008",
      eprint         = "0710.3133",
      archivePrefix  = "arXiv",
      primaryClass   = "hep-ph",
      reportNumber   = "MCTP-07-29",
      SLACcitation   = "%%CITATION = ARXIV:0710.3133;%%",
}

@article{Guchait:2007jd,
      author         = "Guchait, M. and Mahmoudi, F. and Sridhar, K.",
      title          = "{Associated production of a Kaluza-Klein excitation of a
                        gluon with a t anti-t pair at the LHC}",
      journal        = "Phys. Lett.",
      volume         = "B666",
      pages          = "347-351",
      doi            = "10.1016/j.physletb.2008.07.085",
      year           = "2008",
      eprint         = "0710.2234",
      archivePrefix  = "arXiv",
      primaryClass   = "hep-ph",
      reportNumber   = "TIFR-TH-07-24",
      SLACcitation   = "%%CITATION = ARXIV:0710.2234;%%",
}

@techreport{Aliev:1482159,
      author        = "Aliev, M and Busato, E and Calvet, D and Etienvre, AI and
                       Gauthier, L and Grancagnolo, S and Helsens, C and Lacker, H
                       and Lewis, G and Mandrysch, R and Paredes, D and Wendland,
                       D",
      title         = "{Search for exotic same-sign dilepton signatures (b'
                       quark, T5/3 and four 4 tops production) in 4.7 fb$^{-1}$ of pp
                       collisions at sqrt(s) = 7 TeV with the ATLAS detector}",
      institution   = "CERN",
      address       = "Geneva",
      number        = "ATL-PHYS-INT-2012-071",
      month         = "Sep",
      year          = "2012",
}

@phdthesis{paredeshernandez:tel-00921146,
  TITLE = {{Search for New Physics in events with 4 top quarks in the ATLAS detector at the LHC}},
  AUTHOR = {Paredes Hern{\'a}ndez, Daniela},
  URL = {https://tel.archives-ouvertes.fr/tel-00921146},
  NUMBER = {2013CLF22375},
  SCHOOL = {{Universit{\'e} Blaise Pascal - Clermont-Ferrand II}},
  YEAR = {2013},
  MONTH = Sep,
  KEYWORDS = {Effective field theory ; New Physics ; Misidentification of the electron charge ; LASER calibration system ; ATLAS ; LHC ; Top quark ; Four tops ; Th{\'e}orie effective ; Nouvelle Physique ; Quatre tops ; Quark top ; Syst{\`e}me d'{\'e}talonnage LASER ; TileCal ; Photodiodes ; Erreur de reconstruction de la charge des {\'e}lectrons},
  TYPE = {Theses},
  HAL_ID = {tel-00921146},
  HAL_VERSION = {v1},
}

@phdthesis{camacho:tel-00747143,
  TITLE = {{Search of new resonances decaying into top quark pairs with the ATLAS detector at the LHC and jet calibration studies}},
  AUTHOR = {Camacho, Reina},
  URL = {https://tel.archives-ouvertes.fr/tel-00747143},
  NOTE = {Num\'ero DU : 2259 Num\'ero EDSF : 719},
  SCHOOL = {{Universit{\'e} Blaise Pascal - Clermont-Ferrand II}},
  YEAR = {2012},
  MONTH = Jul,
  KEYWORDS = {ATLAS ;  LHC ;  top quark ;  jet calibration ;  Global Sequential calibration ;  resonances top-antitop ;  Kaluza-Klein gluon ;  leptophobic topcolor Z' ;  Jet Vertex Fraction ;  pile-up},
  TYPE = {Theses},
  HAL_ID = {tel-00747143},
  HAL_VERSION = {v1},
}

@phdthesis{valery:tel-01079982,
  TITLE = {{In search of sgluons in final states multitops with the Atlas detector at  LHC to  $\sqrt{s}= 8$~TeV}},
  AUTHOR = {Val{\'e}ry, Lo{\"i}c},
  URL = {https://tel.archives-ouvertes.fr/tel-01079982},
  NUMBER = {2014CLF22470},
  SCHOOL = {{Universit{\'e} Blaise Pascal - Clermont-Ferrand II}},
  YEAR = {2014},
  MONTH = Jun,
  KEYWORDS = {Standard Model ; New Physics ; Sgluons ; ATLAS ; LHC ; Hadronic tile calorimeter ; TileCal ; High voltage ; Pile-up ; Jet Vertex Fraction ; JVF ; Same-sign leptons ; 4-top events ; Mod{\`e}le Standard ; Nouvelle Physique ; Calorim{\`e}tre hadronique {\`a} tuiles ; Hautes tensions ; Effet d’empilement ; Leptons de m{\^e}me signe ; {\'E}v{\'e}nements {\`a} 4 quarks top},
  TYPE = {Theses},
  HAL_ID = {tel-01079982},
  HAL_VERSION = {v1},
}

@phdthesis{doriansimonPhD,
  TITLE = {{Recherche de nouvelle physique dans les \'ev\'enements \`a quatre quarks top avec le d\'etecteur ATLAS aupr\`es du LHC}},
  AUTHOR = {Simon, Dorian},
  URL = {},
  NUMBER = {},
  SCHOOL = {{Universit{\'e} Blaise Pascal - Clermont-Ferrand II}},
  YEAR = {2015},
  MONTH = Jul,
  KEYWORDS = {Standard Model ; New Physics ; ATLAS ; LHC ; Hadronic tile calorimeter ; {\'E}v{\'e}nements {\`a} 4 quarks top},
  TYPE = {Theses},
  HAL_ID = {tel-01079982},
  HAL_VERSION = {v1},
}


@techreport{ATLAS-CONF-2012-130,
      title         = "{Search for exotic same-sign dilepton signatures (b' quark, T5/3 and four top quarks production) in 4.7/fb of pp collisions at sqrt{s}=7 TeV with the ATLAS detector}",
      institution   = "CERN",
      collaboration = "{ATLAS Collaboration}",
      address       = "Geneva",
      number        = "ATLAS-CONF-2012-130",
      month         = "Sep",
      year          = "2012",
}

@article{Lyon09,
      author         = "Cacciapaglia, Giacomo and Deandrea, Aldo and
                        Llodra-Perez, Jeremie",
      title          = "{A Dark Matter candidate from Lorentz Invariance in 6D}",
      journal        = "JHEP",
      volume         = "03",
      year           = "2010",
      pages          = "083",
      doi            = "10.1007/JHEP03(2010)083",
      eprint         = "0907.4993",
      archivePrefix  = "arXiv",
      primaryClass   = "hep-ph",
      SLACcitation   = "%%CITATION = ARXIV:0907.4993;%%"
}

@article{Lyon11,
      author         = "Cacciapaglia, Giacomo and Chierici, Roberto and Deandrea,
                        Aldo and Panizzi, Luca and Perries, Stephane and Tosi,
                        Silvano",
      title          = "{Four tops on the real projective plane at LHC}",
      journal        = "JHEP",
      volume         = "10",
      year           = "2011",
      pages          = "042",
      doi            = "10.1007/JHEP10(2011)042",
      eprint         = "1107.4616",
      archivePrefix  = "arXiv",
      primaryClass   = "hep-ph",
      reportNumber   = "LYCEN-2011-04, KCL-PH-TH-2011-14",
      SLACcitation   = "%%CITATION = ARXIV:1107.4616;%%"
}

@article{Lyon12,
      author         = "Arbey, Alexandre and Cacciapaglia, Giacomo and Deandrea,
                        Aldo and Kubik, Bogna",
      title          = "{Dark Matter in a twisted bottle}",
      journal        = "JHEP",
      volume         = "01",
      year           = "2013",
      pages          = "147",
      doi            = "10.1007/JHEP01(2013)147",
      eprint         = "1210.0384",
      archivePrefix  = "arXiv",
      primaryClass   = "hep-ph",
      reportNumber   = "LYCEN-2012-03, CERN-PH-TH-2012-211",
      SLACcitation   = "%%CITATION = ARXIV:1210.0384;%%"
}

@article{Lyon4t,
      author         = "Cacciapaglia, Giacomo and Deandrea, Aldo and
                        Llodra-Perez, Jeremie",
      title          = "{The Universal Real Projective Plane: LHC phenomenology
                        at one Loop}",
      journal        = "JHEP",
      volume         = "10",
      year           = "2011",
      pages          = "146",
      doi            = "10.1007/JHEP10(2011)146",
      eprint         = "1104.3800",
      archivePrefix  = "arXiv",
      primaryClass   = "hep-ph",
      reportNumber   = "LYCEN-2011-03",
      SLACcitation   = "%%CITATION = ARXIV:1104.3800;%%"
}

@article{Jung:2010ms,
      author         = "Jung, Sunghoon and Wells, James D.",
      title          = "{Low-scale warped extra dimension and its predilection
                        for multiple top quarks}",
      journal        = "JHEP",
      volume         = "1011",
      pages          = "001",
      doi            = "10.1007/JHEP11(2010)001",
      year           = "2010",
      eprint         = "1008.0870",
      archivePrefix  = "arXiv",
      primaryClass   = "hep-ph",
      reportNumber   = "CERN-PH-TH-2010-170, MCTP-10-26",
      SLACcitation   = "%%CITATION = ARXIV:1008.0870;%%",
}


@article{Frigerio:2011zg,
      author         = "Frigerio, Michele and Serra, Javi and Varagnolo, Alvise",
      title          = "{Composite GUTs: models and expectations at the LHC}",
      journal        = "JHEP",
      volume         = "1106",
      pages          = "029",
      doi            = "10.1007/JHEP06(2011)029",
      year           = "2011",
      eprint         = "1103.2997",
      archivePrefix  = "arXiv",
      primaryClass   = "hep-ph",
      reportNumber   = "UAB-FT-689",
      SLACcitation   = "%%CITATION = ARXIV:1103.2997;%%",
}

@article{Kane:2011zd,
      author         = "Kane, Gordon L. and Kuflik, Eric and Lu, Ran and Wang,
                        Lian-Tao",
      title          = "{Top Channel for Early SUSY Discovery at the LHC}",
      journal        = "Phys.Rev.",
      volume         = "D84",
      pages          = "095004",
      doi            = "10.1103/PhysRevD.84.095004",
      year           = "2011",
      eprint         = "1101.1963",
      archivePrefix  = "arXiv",
      primaryClass   = "hep-ph",
      reportNumber   = "MCTP-11-00",
      SLACcitation   = "%%CITATION = ARXIV:1101.1963;%%",
}

@techreport{ATLAS-CONF-2013-051,
      title         = "{Search for anomalous production of events with same-sign
                       dileptons and $b$ jets in 14.3 fb$^{-1}$ of $pp$ collisions
                       at $\sqrt{s} = 8$ TeV with the ATLAS detector}",
      institution   = "CERN",
      address       = "Geneva",
      number        = "ATLAS-CONF-2013-051",
      month         = "May",
      year          = "2013",
      note          = "Not published in the proceedings",
}

@ARTICLE{2014arXiv1404.1340B,
   author = {{Busato}, E.},
    title = "{Equivalence between hybrid CLs and bayesian methods for limit setting}",
  journal = {ArXiv e-prints},
archivePrefix = "arXiv",
   eprint = {1404.1340},
note= "{[arXiv:1404.1340 [stat.ME]]}",
 primaryClass = "stat.ME",
 keywords = {Statistics - Methodology},
     year = 2014,
    month = apr,
   adsurl = {http://adsabs.harvard.edu/abs/2014arXiv1404.1340B},
  adsnote = {Provided by the SAO/NASA Astrophysics Data System}
}

@article{Busato:2015ola,
      author         = "Busato, Emmanuel and Calvet, David and Theveneaux-Pelzer,
                        Timothée",
      title          = "{OpTHyLiC: an Optimised Tool for Hybrid Limits
                        Computation}",
      year           = "2015",
      eprint         = "1502.02610",
      archivePrefix  = "arXiv",
      primaryClass   = "hep-ex",
note= "{[arXiv:1502.02610 [hep-ex]]}",
      SLACcitation   = "%%CITATION = ARXIV:1502.02610;%%"
}

@book{Stuart:436225,
      author        = "Stuart, Alan and Ord, J Keith and Arnold, Steven and
                       O'Hagan, Anthony and Forster, Jonathan",
      title         = "{Kendall's advanced theory of statistics; 6th ed. of the
                       3-vol. ed.}",
      publisher     = "Wiley",
      address       = "Chichester",
      year          = "1994",
}

@article{0954-3899-28-10-313,
  author={A L Read},
  title={Presentation of search results: the CL s technique},
  journal={Journal of Physics G: Nuclear and Particle Physics},
  volume={2810},
  pages={2693},
  url={http://stacks.iop.org/0954-3899/28/i=10/a=313},
  year={2002},
}

@techreport{Cranmer:1456844,
      author        = "Cranmer, Kyle and Lewis, George and Moneta, Lorenzo and
                       Shibata, Akira and Verkerke, Wouter",
      title         = "{HistFactory: A tool for creating statistical models for
                       use with RooFit and RooStats}",
      institution   = "New York U.",
      collaboration = "ROOT",
      address       = "New York",
      number        = "CERN-OPEN-2012-016",
      month         = "Jan",
      year          = "2012",
}

@ARTICLE{2011EPJC...71.1554C,
   author = {{Cowan}, G. and {Cranmer}, K. and {Gross}, E. and {Vitells}, O.
	},
    title = "{Asymptotic formulae for likelihood-based tests of new physics}",
  journal = {European Physical Journal C},
archivePrefix = "arXiv",
   eprint = {1007.1727},
 primaryClass = "physics.data-an",
     year = 2011,
    month = feb,
   volume = 71,
      eid = {1554},
    pages = {1554},
      doi = {10.1140/epjc/s10052-011-1554-0},
   adsurl = {http://adsabs.harvard.edu/abs/2011EPJC...71.1554C},
  adsnote = {Provided by the SAO/NASA Astrophysics Data System}
}

@proceedings{delemontex:in2p3-00844359,
  TITLE = {{Proceedings SOS 2012 IN2P3 School of Statistics}},
  AUTHOR = {Delemontex, T. and Lucotte, A.},
  URL = {http://hal.in2p3.fr/in2p3-00844359},
  NOTE = {ISBN 9782759810321 EPJ Web of Conferences 55 (2013)},
  BOOKTITLE = {{IN2P3 School of Statictics (SOS 2012)}},
  ADDRESS = {Autrans, France},
  PUBLISHER = {{EDP Sciences}},
  SERIES = {The European Physical Journal},
  YEAR = {2013},
  HAL_ID = {in2p3-00844359},
  HAL_VERSION = {v1},
}

@article{Wald43,
    author = {Wald, Abraham},
    citeulike-article-id = {6130790},
    citeulike-linkout-0 = {http://dx.doi.org/10.2307/1990256},
    citeulike-linkout-1 = {http://www.jstor.org/stable/1990256},
    doi = {10.2307/1990256},
    issn = {00029947},
    journal = {Transactions of the American Mathematical Society},
    month = nov,
    number = {3},
    pages = {426--482},
    posted-at = {2009-11-17 18:28:36},
    priority = {2},
    publisher = {American Mathematical Society},
    title = {{Tests of Statistical Hypotheses Concerning Several Parameters When the Number of Observations is Large}},
    url = {http://dx.doi.org/10.2307/1990256},
    volume = {54},
    year = {1943}
}

% below : journal field is temporary, add journal ref when available
@article{Peskin:2015kka,
      author         = "Peskin, Michael E.",
      title          = "{On the Trail of the Higgs Boson}",
      year           = "2015",
      journal        = "arXiv:1506.08185", 
      eprint         = "1506.08185",
      archivePrefix  = "arXiv",
      primaryClass   = "hep-ph",
      reportNumber   = "SLAC-PUB-16315",
      SLACcitation   = "%%CITATION = ARXIV:1506.08185;%%"
}

@article{1748-0221-3-08-S08003,
      author         = "{ATLAS Collaboration}",
      title          = "{The ATLAS Experiment at the CERN Large Hadron Collider}",
      collaboration  = "ATLAS",
      journal        = "JINST",
      volume         = "3",
      year           = "2008",
      pages          = "S08003",
      doi            = "10.1088/1748-0221/3/08/S08003",
      SLACcitation   = "%%CITATION = JINST,3,S08003;%%"
}

@article{Aad:2015gdg,
      author         = "{ATLAS Collaboration}",
      title          = "{Analysis of events with $b$-jets and a pair of leptons
                        of the same charge in $pp$ collisions at $\sqrt{s}=8$ TeV
                        with the ATLAS detector}",
      collaboration  = "ATLAS",
      journal        = "JHEP",
      volume         = "10",
      year           = "2015",
      pages          = "150",
      doi            = "10.1007/JHEP10(2015)150",
      eprint         = "1504.04605",
      archivePrefix  = "arXiv",
      primaryClass   = "hep-ex",
      reportNumber   = "CERN-PH-EP-2015-060",
      SLACcitation   = "%%CITATION = ARXIV:1504.04605;%%"
}

@article{Barger:2010uw,
      author         = "Barger, Vernon and Keung, Wai-Yee and Yencho, Brian",
      title          = "{Triple-Top Signal of New Physics at the LHC}",
      journal        = "Phys. Lett.",
      volume         = "B687",
      year           = "2010",
      pages          = "70-74",
      doi            = "10.1016/j.physletb.2010.03.001",
      eprint         = "1001.0221",
      archivePrefix  = "arXiv",
      primaryClass   = "hep-ph",
      SLACcitation   = "%%CITATION = ARXIV:1001.0221;%%"
}

@techreport{Busato:1365519,
      author        = "Camacho, R and others",
      title         = "{Validation of the Jet Global Sequential Calibration Using
                       Proton-Proton Collisions at $\sqrt{s} = 7$ TeV and
                       Evaluation of its Associated Systematic Uncertainty}",
      institution   = "CERN",
      address       = "Geneva",
      number        = "ATL-PHYS-INT-2011-060",
      month         = "Jul",
      year          = "2011",
      reportNumber  = "ATL-PHYS-INT-2011-060",
      url           = "https://cds.cern.ch/record/1365519",
}